@artical{JPA47225003,
journal = {J. Phys. A: Math. Theor.},
volume = {47},
pages = {225003},
year = {2014},
author = {Zhang, Y. et al.},
title = {{Emergence of cooperation in non-scale-free networks}}
}
@artical{PNAS10912922,
journal = {Proc. Natl. Acad. Sci. USA},
volume = {109},
pages = {12922},
year = {2012},
author = {Gracia-L\'{a}zaro, C. et al.},
title = {{Heterogeneous networks do not promote cooperation when humans play a Prisoner's Dilemma}}
}
@artical{NATURE359826,
journal = {Nature},
volume = {359},
pages = {826-829},
year = {1992},
author = {Nowak, M. A. \& May, R. M.},
title = {{Evolutionary games and spatial chaos}}
}
@artical{PRL95098104,
journal = {Phys. Rev. Lett.},
volume = {95},
pages = {098104},
year = {2005},
author = {Santos, F. C. \& Pacheco, J. M.},
title = {{Scale-free networks provide a unifying framework for the emergence of cooperation}}
}
@artical{PRE72056128,
journal = {Phys. Rev. E Stat. Nonlin. Soft Matter Phys.},
volume = {72},
pages = {056128},
year = {2005},
author = {Santos, F. C., Rodrigues, J. F. \& Pacheco, J. M.},
title = {{Epidemic spreading and cooperation dynamics on homogeneous small-world networks}}
}
@artical{PRE66021907,
journal = {Phys. Rev. E Stat. Nonlin. Soft Matter Phys.},
volume = {66},
pages = {021907},
year = {2002},
author = {Kim, B. J. et al.},
title = {{Dynamic instabilities induced by asymmetric influence: Prisoners’ dilemma game in small-world networks}}
}
@artical{NATURE433312,
journal = {Nature},
volume = {433},
pages = {312-316},
year = {2005},
author = {Lieberman, E., Hauert, C. \& Nowak, M. A.},
title = {{Evolutionary dynamics on graphs}}
}
@artical{EPL7730004,
journal = {Europhys. Lett.},
volume = {77},
pages = {30004},
year = {2007},
author = {Szolnoki, A. \& Szab\'{o}, G.},
title = {{Cooperation enhanced by inhomogeneous activity of teaching for evolutionary Prisoner's Dilemma games}}
}
@artical{NATURE441502,
journal = {Nature},
volume = {441},
pages = {502-505},
year = {2006},
author = {Ohtsuki, H., Hauert, C., Lieberman, E. \& Nowak, M. A.},
title = {{A simple rule for the evolution of cooperation on graphs}}
}
@artical{SCIENCE3141560,
journal = {Science},
volume = {314},
pages = {1560-1563},
year = {2006},
author = {Nowak, M. A.},
title = {{Five rules for the evolution of cooperation}}
}
@artical{PRL98108103,
journal = {Phys. Rev. Lett.},
volume = {98},
pages = {108103},
year = {2007},
author = {G\'{o}mez-Garde\~{n}es, J., Campillo, M., Flor\'{i}a, L. M. \& Moreno, Y.},
title = {{Dynamical organization of cooperation in complex topologies}}
}
@artical{SR46224,
journal = {Sci. Rep.},
volume = {4},
pages = {6224},
year = {2014},
author = {Zhang, Y., Aziz-Alaoui, M. A., Bertelle, C. \& Guan, J.},
title = {{Local Nash equilibrium in social networks}}
}
@artical{PRE88032127,
journal = {Phys. Rev. E},
volume = {88},
pages = {032127},
year = {2013},
author = {Zhang, Y. et al.},
title = {{Fence-sitters protect cooperation in complex networks}}
}
@artical{BAMS40479,
journal = {Phys. Rep.},
volume = {446},
pages = {97-216},
year = {2007},
author = {Szab\'{o}, G. \& F\'{a}th, G.},
title = {{Evolutionary games on graphs}}
}
@artical{NJP16013010,
journal = {New Journal of Physics},
volume = {16},
pages = {013010},
year = {2014},
author = {Yang, H. X., Rong, Z. H. \& Wang, W. X.},
title = {{Cooperation percolation in spatial prisoner's dilemma game}}
}
@artical{JRSI1220141299,
journal = {J. R. Soc. Interface},
volume = {12},
pages = {20141299},
year = {2014},
author = {Szolnoki, A. \& Perc, M.},
title = {{Conformity enhances network reciprocity in evolutionary social dilemmas}}
}
@artical{PRX3041021,
journal = {Phys. Rev. X},
volume = {3},
pages = {041021},
year = {2013},
author = {Szolnoki, A. \& Perc, M.},
title = {{Correlation of Positive and Negative Reciprocity Fails to Confer an Evolutionary Advantage: Phase Transitions to Elementary Strategies}}
}
@artical{PRE81057101,
journal = {Phys. Rev. E},
volume = {81},
pages = {057101},
year = {2010},
author = {Szolnoki, A. \& Perc, M.},
title = {{Impact of critical mass on the evolution of cooperation in spatial public goods games}}
}
@artical{CSF70230,
journal = {Chaos Solitons \& Fractals},
volume = {70},
pages = {230-234},
year = {2015},
author = {Yang, H. X. \& Rong, Z. H.},
title = {{Mutual punishment promotes cooperation in the spatial public goods game}}
}
@artical{PNAS10910409,
journal = {Proc. Natl. Acad. Sci. USA},
volume = {109},
pages = {10409-10413},
year = {2012},
author = {Press, W. H. \& Dyson, F. J.},
title = {{Iterated Prisoner's Dilemma contains strategies that dominate any evolutionary opponent}}
}
@artical{PNAS10910134,
journal = {Proc. Natl. Acad. Sci. USA},
volume = {109},
pages = {10134-10135},
year = {2012},
author = {Stewart, A. J. \& Plotkin, J. B.},
title = {{Extortion and cooperation in the Prisoner's Dilemma}}
}
@artical{NC42193,
journal = {Nat. Commun.},
volume = {4},
pages = {2193},
year = {2014},
author = {Adami, C. \& Hintze, A.},
title = {{Evolutionary instability of zero-determinant strategies demonstrates that winning is not everything}}
}
@artical{PRE91052803,
journal = {Phys. Rev. E},
volume = {91},
pages = {052803},
year = {2015},
author = {Hao, D., Rong Z. H. \& Zhou T.},
title = {{Extortion under uncertainty: Zero-determinant strategies in noisy games}}
}
@artical{ETG,
author = {Smith, M. J.},
title = {{Evolution and the Theory of Games (Cambridge University Press, Cambridge, UK, 1982}}
}
@artical{RMP7447,
journal = {Rev. Mod. Phys.},
volume = {74},
pages = {47-97},
year = {2002},
author = {Albert, R. \& Barab\'{a}si, A. L.},
title = {{Statistical mechanics of complex networks}}
}
@artical{AP511079,
journal = {Adv. Phys.},
volume = {51},
pages = {1079-1187},
year = {2002},
author = {Dorogovtsev, S. \& Mendes, J. F. F.},
title = {{Evolution of networks}}
}
@artical{SIAMR45167,
journal = {SIAM Rev.},
volume = {45},
pages = {167-256},
year = {2003},
author = {Newman, M. E. J.},
title = {{The structure and function of complex networks}}
}
@artical{PR424175,
journal = {Phys. Rep.},
volume = {424},
pages = {175-308},
year = {2006},
author = {Boccaletti, S. et al.},
title = {{Complex networks: Structure and dynamics}}
}
@artical{PRE85011914,
journal = {Phys. Rev. E},
volume = {85},
pages = {011914},
year = {2012},
author = {Adami, C., Schossau, J. \& Hintze, A.},
title = {{Evolution and stability of altruist strategies in microbial games}}
}
@artical{ARS241,
journal = {Annu. Rev. Sociol.},
volume = {24},
pages = {1–24},
year = {1998},
title = {{Social capital: Its origins and applications in modern sociology.}}
}
@artical{OSMNS,
author = {Darwin, C. },
title = {{On the origin of species by means of natural selection, or the preservation of favoured races in the struggle for life(London, John Murray)}},
pages = {320-320},
year = {1859}
}
@artical{PCPS5460,
journal = {Proc. Camb. Phil. Soc.},
volume = {54},
pages = {60–71},
year = {1958},
author = {Moran, P. A. P.},
title = {{Random processes in genetics}}
}
@artical{NATURE454213,
journal = {Nature},
volume = {454},
pages = {213-216},
year = {2008},
author = {Santos, F. C., Santos, M. D. \& Pacheco, J. M.},
title = {{Social diversity promotes the emergence of cooperation in public goods games}}
}
@artical{EPL8638001,
journal = {Europhys. Lett.},
volume = {86},
pages = {38001},
year = {2009},
author = {Bala, V. \& Goyal, S.},
title = {{Adoption of simultaneous different strategies against different opponents enhances cooperation}}
}
@artical{Arxiv11114503,
year = {2011},
author = {Ugander, J., Karrer, B., Backstrom, L. \& Marlow, C.},
title = {{The anatomy of the Facebook social graph}},
journal = {arXiv:1111.4503v1[cs.SI]}
}
@artical{WWW591,
journal = {WWW},
volume = {2010},
pages = {591-600},
year = {2010},
author = {Kwak, H., Lee, C., Park, H. \& Moon, S.},
title = {{What is Twitter, a social network or a news media}}
}
@artical{LMMAA337,
journal = {KDD},
volume = {06},
pages = {611-617},
year = {2006},
author = {Kumar, R., Novak, J. \& Tomkins, A.},
title = {{Structure and evolution of online social networks}}
}
@artical{ACMTKDD,
journal = {ACM TKDD},
volume = {1},
pages = {1-41},
year = {2007},
author = {Leskovec, J., Kleinberg, J., \& Faloutsos, C.},
title = {{Graph Evolution: Densification and Shrinking Diameters}}
}
@artical{NATURE393440,
journal = {Nature (London)},
volume = {393},
pages = {440-442},
year = {1998},
author = {Watts, D. J. \& Strogatz, S. H.},
title = {{Collective dynamics of `small-world' networks}}
}
@artical{EPJB13547,
journal = {Eur. Phys. J. B},
volume = {13},
pages = {547-560},
year = {2000},
author = {Barrat, A. \& Weigt, M.},
title = {{On the properties of small-world network models}}
}
@artical{AS6441,
journal = {American Scientist},
volume = {64},
pages = {41-45},
year = {1976},
author = {Smith, J. M.},
title = {{Evolution and the theory of games}}
}
@artical{JEL39572,
journal = {Journal of Economic Literature},
volume = {39},
pages = {572-573},
year = {2001},
author = {Gintis, H.},
title = {{Game theory evolving: A Problem-Centered Introduction to Modeling Strategic Interaction}}
}
@artical{NATURE428643,
journal = {Nature},
volume = {428},
pages = {643-646},
year = {2004},
author = {Hauert, C. \& Doebeli, M.},
title = {{Spatial structure often inhibits the evolution of cooperation in the snowdrift game}}
}
@artical{EL8748,
journal = {Ecol. Lett.},
volume = {8},
pages = {748-766},
year = {2005},
author = {Doebeli, M. \& Hauert, C.},
title = {{Models of cooperation based on the Prisoners Dilemma and the Snowdrift game}}
}
@artical{SCIENCE286509,
journal = {Science},
volume = {286},
pages = {509-512},
year = {1999},
author = {Barab\'{a}si, A. L. \& Albert, R.},
title = {{Emergence of scaling in random networks}}
}
@artical{TPB3893,
journal = {Theor. Popul. Biol.},
volume = {38},
pages = {93-112},
year = {1990},
author = {Nowak, M.},
title = {{Stochastic strategies in the Prisoner's Dilemma}}
}
@artical{AAM20247,
journal = {Acta. Applic. Math.},
volume = {20},
pages = {247-265},
year = {1990},
author = {Nowak, M. \& Sigmund, K.},
title = {{The evolution of stochastic strategies in the Prisoner's Dilemma}}
}
@artical{PCB6e1000948,
journal = {PLoS Comput. Biol.},
volume = {6},
pages = {e1000948},
year = {2010},
author = {Iliopoulos, D., Hintze, A. \& Adami, C.},
title = {{Critical dynamics in the evolution of stochastic strategies for the iterated Prisoner's Dilemma}}
}
@artical{NIPS,
journal = {Advances in Neural Information Processing Systems},
volume = {25},
pages = {4532},
year = {2012},
author = {J. Mcauley \& J.},
title = {{Leskovec, Learning to Discover Social Circles in Ego Networks}}
}
@artical{PO5e13749,
journal = {Plos One},
volume = {5},
pages = {e13749},
year = {2010},
author = {Grujic, J. et al.},
title = {{Social experiments in the mesoscale$:$ humans playing a spatial Prisoner's Dilemma}}
}
@artical{PNAS10819193,
journal = {Proc. Natl. Acad. Sci. USA},
volume = {108},
pages = {19193-19198},
year = {2011},
author = {Randa, D. G., Arbesmanc, S. \& Christakis, N. A.},
title = {{Dynamic social networks promote cooperation in experiments with humans}}
}
@artical{PR51997,
journal = {Physics Reports},
volume = {519},
pages = {97-125},
year = {2012},
author = {P. Holme \& J.},
title = {{Saram\"{a}ki, Temporal networks}}
}
@artical{SCIENCE2111390,
journal = {Science},
volume = {211},
pages = {1390-1396},
year = {1981},
author = {Axelrod, R. \& Hamilton, W. D.},
title = {{The evolution of cooperation}}
}
@artical{JCR24379,
journal = {J. Conflict. Resolut.},
volume = {24},
pages = {379-403},
year = {1980},
author = {Axelrod, R.},
title = {{More effective choices in the Prisoner's Dilemma}}
}
@artical{GCEC,
author = {Hammerstein, P.},
title = {{Genetic and cultural evolution of cooperation (MIT, Cambridge, MA)}},
year = {2003}
}
@artical{NATURE398441,
journal = {Nature (London)},
volume = {398},
pages = {441-443},
year = {1999},
author = {Turner, P. E. \& Chao, L.},
title = {{Prisoner's Dilemma in an RNA virus}}
}
@artical{NATURE36456,
journal = {Nature},
volume = {364},
pages = {56-58},
year = {1993},
author = {Nowak, M. A. \& Sigmund, K.},
title = {{A strategy of win-stay, lose-shift that outperforms tit-for-tat in the prisoner's dilemma game}}
}
